@article{davis2004civil,
  title={Civil liberties vs. security: Public opinion in the context of the terrorist attacks on America},
  author={Davis, Darren W and Silver, Brian D},
  journal={American journal of political science},
  volume={48},
  number={1},
  pages={28--46},
  year={2004},
  publisher={Wiley Online Library}
}

@techreport{stantcheva2020civil,
  title={Civil Liberties in Times of Crisis},
  author={Stantcheva, Stefanie and Alsan, Marcella and Braghieri, Luca and Eichmeyer, Sarah and Kim, Minjeong Joyce and Yang, David},
  year={2020},
  institution={CEPR Discussion Papers}
}

@article{hartmann2024trading,
  title={Trading liberties: Estimating covid-19 policy preferences from conjoint data},
  author={Hartmann, Felix and Humphreys, Macartan and Geissler, Ferdinand and Kl{\"u}ver, Heike and Giesecke, Johannes},
  journal={Political Analysis},
  volume={32},
  number={2},
  pages={285--293},
  year={2024},
  publisher={Cambridge University Press}
}